<?xml version="1.0" encoding="UTF-8"?><collection xmlns="http://www.loc.gov/MARC21/slim"><record><leader>00617nam--2200193-i-4500</leader><controlfield tag="001">000013475</controlfield><controlfield tag="002">20161230</controlfield><controlfield tag="005">20161230201030</controlfield><controlfield tag="008">060222s1000------------r-----000-0-eng-d</controlfield><datafield ind1=" " ind2=" " tag="040"><subfield code="a">IFIN-HH</subfield></datafield><datafield ind1=" " ind2=" " tag="080"><subfield code="a">533.952. 621.039.623 (061.3)</subfield></datafield><datafield ind1="1" ind2=" " tag="100"><subfield code="a">Coppi, B</subfield></datafield><datafield ind1="1" ind2="0" tag="245"><subfield code="a">Proceedings of the finite beta theory workshop</subfield><subfield code="b">September 1977, Varenna, Italy. Varenna Summer School of Plasma Physics</subfield><subfield code="c">B. COPPI, W. SADOWSKI (Eds.)</subfield></datafield><datafield ind1=" " ind2=" " tag="260"><subfield code="a">Washington, Office Of Fusion Energy, 1979</subfield></datafield><datafield ind1=" " ind2=" " tag="300"><subfield code="a">IV + 206 P</subfield></datafield><datafield ind1=" " ind2=" " tag="490"><subfield code="a">Proceedings</subfield></datafield><datafield ind1=" " ind2=" " tag="700"><subfield code="a">Sadovski, W</subfield></datafield><datafield ind1=" " ind2=" " tag="852"><subfield code="a">48766</subfield><subfield code="c">533.9</subfield></datafield><datafield ind1=" " ind2=" " tag="CAT"><subfield code="a">Sys</subfield><subfield code="c">20100929</subfield><subfield code="h">125416</subfield></datafield></record></collection>